% Encoding: UTF-8

@Proceeding{Besl92,
  author  = {Paul J. Besl,Neil D. McKay},
  title   = {Method for registration of 3-D shapes},
  year    = {1992},
  doi     = {10.1117/12.57955},
  file    = {:586.pdf:PDF},
  journal = {Proc.SPIE},
  pages   = {1611 - 1611 - 21},
  url     = {https://doi.org/10.1117/12.57955},
  volume  = {1611},
}

@Article{Bentley:1975:MBS:361002.361007,
  author     = {Bentley, Jon Louis},
  title      = {Multidimensional Binary Search Trees Used for Associative Searching},
  journal    = {Commun. ACM},
  year       = {1975},
  volume     = {18},
  number     = {9},
  pages      = {509--517},
  month      = sep,
  issn       = {0001-0782},
  acmid      = {361007},
  address    = {New York, NY, USA},
  doi        = {10.1145/361002.361007},
  file       = {:p509-bentley.pdf:PDF},
  issue_date = {Sept. 1975},
  keywords   = {associative retrieval, attribute, binary search trees, binary tree insertion, information retrieval system, intersection queries, key, nearest neighbor queries, partial match queries},
  numpages   = {9},
  publisher  = {ACM},
  url        = {http://doi.acm.org/10.1145/361002.361007},
}

@InProceedings{Rusinkiewicza,
  author    = {S. Rusinkiewicz and M. Levoy},
  title     = {Efficient variants of the {ICP} algorithm},
  booktitle = {Proceedings Third International Conference on 3-D Digital Imaging and Modeling},
  year      = {2001},
  publisher = {{IEEE} Comput. Soc},
  doi       = {10.1109/im.2001.924423},
  file      = {:00924423.pdf:PDF},
}

@InProceedings{Nuchter2007,
  author    = {Andreas Nuchter and Kai Lingemann and Joachim Hertzberg},
  title     = {Cached k-d tree search for {ICP} algorithms},
  booktitle = {Sixth International Conference on 3-D Digital Imaging and Modeling (3DIM 2007)},
  year      = {2007},
  month     = {aug},
  publisher = {{IEEE}},
  doi       = {10.1109/3dim.2007.15},
  file      = {:04296783.pdf:PDF},
}

@InProceedings{Garcia2008,
  author    = {Vincent Garcia and Eric Debreuve and Michel Barlaud},
  title     = {Fast k nearest neighbor search using {GPU}},
  booktitle = {2008 {IEEE} Computer Society Conference on Computer Vision and Pattern Recognition Workshops},
  year      = {2008},
  month     = {jun},
  publisher = {{IEEE}},
  doi       = {10.1109/cvprw.2008.4563100},
  file      = {:04563100.pdf:PDF},
}

@Comment{jabref-meta: databaseType:bibtex;}
