@article{Arya:1998:OAA:293347.293348,
 author = {Arya, Sunil and Mount, David M. and Netanyahu, Nathan S. and Silverman, Ruth and Wu, Angela Y.},
 title = {An Optimal Algorithm for Approximate Nearest Neighbor Searching Fixed Dimensions},
 journal = {J. ACM},
 issue_date = {Nov. 1998},
 volume = {45},
 number = {6},
 month = nov,
 year = {1998},
 issn = {0004-5411},
 pages = {891--923},
 numpages = {33},
 url = {http://doi.acm.org/10.1145/293347.293348},
 doi = {10.1145/293347.293348},
 acmid = {293348},
 publisher = {ACM},
 address = {New York, NY, USA},
 keywords = {approximation algorithms, box-decomposition trees, closet-point queries, nearest neighbor searching, post-office problem, priority search},
}