@proceeding{doi: 10.1117/12.57955,
author = { Paul J. Besl,Neil D. McKay},
title = {Method for registration of 3-D shapes},
journal = {Proc.SPIE},
volume = {1611},
number = {},
pages = {1611 - 1611 - 21},
year = {1992},
doi = {10.1117/12.57955},
URL = {https://doi.org/10.1117/12.57955},
eprint = {}
}
